@ARTICLE{b10,
   author = {{Barreto}, W.},
    title = "{Equivalence of nonadiabatic fluids}",
  journal = {\prd},
archivePrefix = "arXiv",
   eprint = {1011.4097},
 primaryClass = "gr-qc",
 keywords = {Self-gravitating systems, continuous media and classical fields in curved spacetime, Classical general relativity, Approximation methods, equations of motion, Numerical relativity},
     year = 2010,
    month = dec,
   volume = 82,
   number = 12,
      eid = {124020},
    pages = {124020},
      doi = {10.1103/PhysRevD.82.124020},
   adsurl = {http://adsabs.harvard.edu/abs/2010PhRvD..82l4020B},
  adsnote = {Provided by the SAO/NASA Astrophysics Data System}
}

@ARTICLE{hbds02,
author = {{Herrera}, L. and {Barreto}, W. and {di Prisco}, A. and {Santos}, N.~O.
	},
title = "{Relativistic gravitational collapse in noncomoving coordinates: The post-quasistatic approximation}",
  journal = {\prd},
   eprint = {gr-qc/0202051},
 keywords = {Classical general relativity, Approximation methods, equations of motion, Self-gravitating systems, continuous media and classical fields in curved spacetime},
     year = 2002,
    month = may,
   volume = 65,
   number = 10,
      eid = {104004},
    pages = {104004},
      doi = {10.1103/PhysRevD.65.104004},
   adsurl = {http://adsabs.harvard.edu/abs/2002PhRvD..65j4004H},
  adsnote = {Provided by the SAO/NASA Astrophysics Data System}
}

@ARTICLE{hjr80,
   author = {{Herrera}, L. and {Jim{\'e}nez}, J. and {Ruggeri}, G.~J.},
    title = "{Evolution of radiating fluid spheres in general relativity}",
  journal = {\prd},
     year = 1980,
    month = nov,
   volume = 22,
    pages = {2305-2316},
      doi = {10.1103/PhysRevD.22.2305},
   adsurl = {http://adsabs.harvard.edu/abs/1980PhRvD..22.2305H},
  adsnote = {Provided by the SAO/NASA Astrophysics Data System}
}

@ARTICLE{h67,
   author = {{Hartle}, J.~B.},
    title = "{Slowly Rotating Relativistic Stars. I. Equations of Structure}",
  journal = {\apj},
     year = 1967,
    month = dec,
   volume = 150,
    pages = {1005},
      doi = {10.1086/149400},
   adsurl = {http://adsabs.harvard.edu/abs/1967ApJ...150.1005H},
  adsnote = {Provided by the SAO/NASA Astrophysics Data System}
}

@ARTICLE{ht68,
   author = {{Hartle}, J.~B. and {Thorne}, K.~S.},
    title = "{Slowly Rotating Relativistic Stars. II. Models for Neutron Stars and Supermassive Stars}",
  journal = {\apj},
     year = 1968,
    month = sep,
   volume = 153,
    pages = {807},
      doi = {10.1086/149707},
   adsurl = {http://adsabs.harvard.edu/abs/1968ApJ...153..807H},
  adsnote = {Provided by the SAO/NASA Astrophysics Data System}
}



@ARTICLE{wgw91,
   author = {{Weber}, F. and {Glendenning}, N.~K. and {Weigel}, M.~K.},
    title = "{Structure and stability of rotating relativistic neutron stars}",
  journal = {\apj},
 keywords = {Equations Of State, Neutron Stars, Relativistic Theory, Stellar Interiors, Stellar Rotation, Angular Velocity, Astronomical Models, Green'S Functions, Hartree Approximation, Kepler Laws, Stellar Mass},
     year = 1991,
    month = jun,
   volume = 373,
    pages = {579-591},
      doi = {10.1086/170077},
   adsurl = {http://adsabs.harvard.edu/abs/1991ApJ...373..579W},
  adsnote = {Provided by the SAO/NASA Astrophysics Data System}
}

@ARTICLE{bk90,
   author = {{Backer}, D.~C. and {Kulkarni}, S.~R.},
    title = "{A new class of pulsars}",
  journal = {Physics Today},
 keywords = {Globular Clusters, Pulsars, Stellar Evolution, Stellar Physics, Astronomical Models, Binary Stars, Nebulae, Neutron Stars, Pulsar Magnetospheres, Stellar Magnetic Fields},
     year = 1990,
    month = mar,
   volume = 43,
    pages = {26-35},
      doi = {10.1063/1.881227},
   adsurl = {http://adsabs.harvard.edu/abs/1990PhT....43c..26B},
  adsnote = {Provided by the SAO/NASA Astrophysics Data System}
}


@arTICLE{ck77,
   author = {{Carmeli}, M. and {Kaye}, M.},
    title = "{Gravitational field of a radiating rotating body.}",
  journal = {Annals of Physics},
     year = 1977,
   volume = 103,
    pages = {97-120},
      doi = {10.1016/0003-4916(77)90263-9},
   adsurl = {http://adsabs.harvard.edu/abs/1977AnPhy.103...97C},
  adsnote = {Provided by the SAO/NASA Astrophysics Data System}
}

@ARTICLE{hmnp94,
   author = {{Herrera}, L. and {Melfo}, A. and {Nunez}, L.~A. and {Patino}, A.
	},
    title = "{Radiating, slowly rotating bodies in general relativity}",
  journal = {\apj},
 keywords = {Einstein Equations, Gravitational Collapse, Relativity, Rotating Bodies, Stellar Gravitation, Schwarzschild Metric, Stellar Models},
     year = 1994,
    month = feb,
   volume = 421,
    pages = {677-688},
      doi = {10.1086/173681},
   adsurl = {http://adsabs.harvard.edu/abs/1994ApJ...421..677H},
  adsnote = {Provided by the SAO/NASA Astrophysics Data System}
}

@ARTICLE{w12,
   author = {{Winicour}, J.},
    title = "{Characteristic Evolution and Matching}",
  journal = {Living Reviews in Relativity},
 keywords = {Numerical relativity, Numerical methods, Characteristic initial value problem},
     year = 2012,
    month = jan,
   volume = 15,
      doi = {10.12942/lrr-2012-2},
   adsurl = {http://adsabs.harvard.edu/abs/2012LRR....15....2W},
  adsnote = {Provided by the SAO/NASA Astrophysics Data System}
}

@ARTICLE{fl03,
   author = {{Fletcher}, S.~J. and {Lun}, A.~W.~C.},
    title = "{The Kerr spacetime in generalized Bondi Sachs coordinates}",
  journal = {Classical and Quantum Gravity},
     year = 2003,
    month = oct,
   volume = 20,
    pages = {4153-4167},
      doi = {10.1088/0264-9381/20/19/302},
   adsurl = {http://adsabs.harvard.edu/abs/2003CQGra..20.4153F},
  adsnote = {Provided by the SAO/NASA Astrophysics Data System}
}


@article{HerreraJimenez1982,
Author = {Herrera, L. and Jim\'enez, J.},
Journal = {Journal of Mathematical Physics},
Pages = {2339},
Publisher = {AIP},
Title = {{The complexification of a nonrotating sphere: An extension of the Newman--Janis algorithm}},
Volume = {23},
Year = {1982}}

@ARTICLE{pi98,
   author = {{Pretorius}, F. and {Israel}, W.},
    title = "{Quasi-spherical light cones of the Kerr geometry}",
  journal = {Classical and Quantum Gravity},
   eprint = {gr-qc/9803080},
     year = 1998,
    month = aug,
   volume = 15,
    pages = {2289-2301},
      doi = {10.1088/0264-9381/15/8/012},
   adsurl = {http://adsabs.harvard.edu/abs/1998CQGra..15.2289P},
  adsnote = {Provided by the SAO/NASA Astrophysics Data System}
}

@article{PhysRevLett.80.3915,
  title = {Stable Characteristic Evolution of Generic Three-Dimensional Single-Black-Hole Spacetimes},
  author = {G\'omez, R. and Lehner, L. and Marsa, R. L. and Winicour, J. and Abrahams, A. M. and Anderson, A. and Anninos, P. and Baumgarte, T. W. and Bishop, N. T. and Brandt, S. R. and Browne, J. C. and Camarda, K. and Choptuik, M. W. and Cook, G. B. and Correll, R. and Evans, C. R. and Finn, L. S. and Fox, G. C. and Haupt, T. and Huq, M. F. and Kidder, L. E. and Klasky, S. A. and Laguna, P. and Landry, W. and Lenaghan, J. and Masso, J. and Matzner, R. A. and Mitra, S. and Papadopoulos, P. and Parashar, M. and Rezzolla, L. and Rupright, M. E. and Saied, F. and Saylor, P. E. and Scheel, M. A. and Seidel, E. and Shapiro, S. L. and Shoemaker, D. and Smarr, L. and Szil\'agyi, B. and Teukolsky, S. A. and van Putten, M. H. P. M. and Walker, P. and York, J. W.},
  collaboration = {Binary Black Hole Grand Challenge Alliance},
  journal = {Phys. Rev. Lett.},
  volume = {80},
  issue = {18},
  pages = {3915--3918},
  numpages = {0},
  year = {1998},
  month = {May},
  publisher = {American Physical Society},
  doi = {10.1103/PhysRevLett.80.3915},
  url = {http://link.aps.org/doi/10.1103/PhysRevLett.80.3915}
}

@ARTICLE{bv06,
   author = {{Bishop}, N.~T. and {Venter}, L.~R.},
    title = "{Kerr metric in Bondi-Sachs form}",
  journal = {\prd},
   eprint = {gr-qc/0506077},
 keywords = {Numerical relativity, Exact solutions},
     year = 2006,
    month = apr,
   volume = 73,
   number = 8,
      eid = {084023},
    pages = {084023},
      doi = {10.1103/PhysRevD.73.084023},
   adsurl = {http://adsabs.harvard.edu/abs/2006PhRvD..73h4023B},
  adsnote = {Provided by the SAO/NASA Astrophysics Data System}
}
